<?xml version="1.0" encoding="UTF-8" ?>
<collection xmlns:xsi="http://www.w3.org/2001/XMLSchema-instance"
    xsi:schemaLocation="http://www.loc.gov/MARC21/slim
        http://www.loc.gov/standards/marcxml/schema/MARC21slim.xsd"
    xmlns="http://www.loc.gov/MARC21/slim">
<record>
  <leader>00337cam a2200685 ia4500</leader>
  <controlfield tag="001">b1276257x</controlfield>
  <controlfield tag="003">LeBAU</controlfield>
  <controlfield tag="005">20170828</controlfield>
  <controlfield tag="008">971110m19341974ua afh   b    ||1 0 ara d</controlfield>
  <datafield tag="035" ind1=" " ind2=" ">
    <subfield code="a">ocn784506114</subfield>
  </datafield>
  <datafield tag="040" ind1=" " ind2=" ">
    <subfield code="a">LEAUB</subfield>
    <subfield code="b">ara</subfield>
    <subfield code="e">rda</subfield>
    <subfield code="c">LEAUB</subfield>
    <subfield code="d">LEAUB</subfield>
  </datafield>
  <datafield tag="082" ind1="0" ind2="4">
    <subfield code="a">492.717</subfield>
    <subfield code="2">20</subfield>
  </datafield>
  <datafield tag="110" ind1="2" ind2=" ">
    <subfield code="6">880-01</subfield>
    <subfield code="a">Dār al-Kutub al-Miṣrīyah,</subfield>
    <subfield code="e">issuing body.</subfield>
  </datafield>
  <datafield tag="245" ind1="1" ind2="0">
    <subfield code="6">880-02</subfield>
    <subfield code="a">Awrāq al-bardī al-ʻArabīyah bi-Dār al-Kutub al-Miṣrīyah /</subfield>
    <subfield code="c">jamaʻahā wa-ʻallaqa ʻalayhā wa-waḍaʻahā bi-al-Injilīzīyah Adūlf Jrūhmān Ph. D., ustādh al-lughahāt al-Sāmīyah wa-tārīkh al-thaqāfat al-sharqīyah bi-Jāmi‘at Brāgh al-Shīkūslūvākīyah ; ishtaraka ma‘a al-mu’allif fī naql al-kitāb ilá al-‘Arabīyah al-Duktūr Ḥasan Ibrāhīm Ḥasan Ph. D., D. Lit. (Lond.), M.R.A.S., F.R.S.A., ustādh al-tārīkh al-Islāmī al-musā‘id bi-kullīyat al-ādāb bi-al-Jāmi‘ah al-Miṣrīyah ; rājaʻa al-tarjamah al-ustādh ʻAbd al-Ḥamīd Ḥasan, al-mufattish bi-Wizārat al-Ma‘ārif.</subfield>
  </datafield>
  <datafield tag="246" ind1="1" ind2=" ">
    <subfield code="6">880-03</subfield>
    <subfield code="a">Arabic Papyri in the Egyption Library</subfield>
    <subfield code="a">Arabic Papyri in the Egyption Library</subfield>
    <subfield code="i">Title on volume 2:</subfield>
  </datafield>
  <datafield tag="250" ind1=" " ind2=" ">
    <subfield code="6">880-04</subfield>
    <subfield code="a">al-Ṭab‘ah al-ūlá.</subfield>
  </datafield>
  <datafield tag="264" ind1=" " ind2="1">
    <subfield code="6">880-05</subfield>
    <subfield code="a">al-Qāhirah :</subfield>
    <subfield code="b">Maṭba‘at Dār al-Kutub al-Miṣrīyah,</subfield>
    <subfield code="c">1934-1974.</subfield>
  </datafield>
  <datafield tag="300" ind1=" " ind2=" ">
    <subfield code="6">880-06</subfield>
    <subfield code="a">6 volumes :</subfield>
    <subfield code="b">illustrations, facsimiles ;</subfield>
    <subfield code="c">34 cm</subfield>
  </datafield>
  <datafield tag="336" ind1=" " ind2=" ">
    <subfield code="a">text</subfield>
    <subfield code="b">txt</subfield>
    <subfield code="2">rdacontent</subfield>
  </datafield>
  <datafield tag="336" ind1=" " ind2=" ">
    <subfield code="a">still image</subfield>
    <subfield code="b">sti</subfield>
    <subfield code="2">rdacontent </subfield>
  </datafield>
  <datafield tag="337" ind1=" " ind2=" ">
    <subfield code="a">unmediated</subfield>
    <subfield code="b">n</subfield>
    <subfield code="2">rdamedia</subfield>
  </datafield>
  <datafield tag="338" ind1=" " ind2=" ">
    <subfield code="a">volume</subfield>
    <subfield code="b">nc</subfield>
    <subfield code="2">rdacarrier</subfield>
  </datafield>
  <datafield tag="500" ind1=" " ind2=" ">
    <subfield code="a">السفر الثاني بالعربية والإنجليزية؛ والسفر الخامس ترجمه إلى العربية عبد الحميد حسن، وراجع الترجمة الدكتور محمد مهدي علام.</subfield>
  </datafield>
  <datafield tag="504" ind1=" " ind2=" ">
    <subfield code="a">يتضمن مراجع ببليوغرافية.</subfield>
  </datafield>
  <datafield tag="505" ind1="0" ind2=" ">
    <subfield code="a">أوراق البردى العربية بدار الكتب المصرية: السفر الأول. يشتمل على بعض الطرز والوثائق الفقهية وبه عشرون لوحة --السفر الثاني. Legal texts with twenty four plates --السفر الثالث. يشتمل على وثائق فقهية وبه أربع وعشرون لوحة --السفر الرابع. يشتمل على وثائق إدارية وبه ثمان وعشرون لوحة --السفر الخامس. يشتمل على وثائق إدارية وبه أربعة وعشرون لوحة --السفر السادس: يشتمل على وثائق إقتصادية وبه ست عشرة لوحة.</subfield>
  </datafield>
  <datafield tag="610" ind1="2" ind2="4">
    <subfield code="a">دار الكتب المصرية.</subfield>
  </datafield>
  <datafield tag="610" ind1="2" ind2="0">
    <subfield code="a">Dār al-Kutub al-Miṣrīyah.</subfield>
  </datafield>
  <datafield tag="650" ind1=" " ind2="4">
    <subfield code="a">المخطوطات العربية (البرديات)</subfield>
    <subfield code="v">فهارس.</subfield>
  </datafield>
  <datafield tag="650" ind1=" " ind2="4">
    <subfield code="a">المخطوطات العربية (البرديات)</subfield>
    <subfield code="v">صور طبق الاصل.</subfield>
  </datafield>
  <datafield tag="650" ind1=" " ind2="4">
    <subfield code="a">المخطوطات</subfield>
    <subfield code="z">مصر</subfield>
    <subfield code="v">فهارس.</subfield>
  </datafield>
  <datafield tag="650" ind1=" " ind2="0">
    <subfield code="a">Manuscripts, Arabic (Papyri)</subfield>
    <subfield code="v">Catalogs.</subfield>
  </datafield>
  <datafield tag="650" ind1=" " ind2="0">
    <subfield code="a">Manuscripts, Arabic (Papyri)</subfield>
    <subfield code="v">Facsimiles.</subfield>
  </datafield>
  <datafield tag="650" ind1=" " ind2="0">
    <subfield code="a">Manuscripts</subfield>
    <subfield code="z">Egypt</subfield>
    <subfield code="v">Catalogs.</subfield>
  </datafield>
  <datafield tag="700" ind1="1" ind2=" ">
    <subfield code="6">880-07</subfield>
    <subfield code="a">Grohmann, Adolf,</subfield>
    <subfield code="d">1887-1977,</subfield>
    <subfield code="e">compiler.</subfield>
  </datafield>
  <datafield tag="700" ind1="1" ind2=" ">
    <subfield code="6">880-08</subfield>
    <subfield code="a">Ḥasan, Ḥasan Ibrāhīm,</subfield>
    <subfield code="e">translator.</subfield>
  </datafield>
  <datafield tag="700" ind1="1" ind2=" ">
    <subfield code="6">880-09</subfield>
    <subfield code="a">Ḥasan, ʻAbd al-Ḥamīd,</subfield>
    <subfield code="e">translator.</subfield>
  </datafield>
  <datafield tag="700" ind1="1" ind2=" ">
    <subfield code="6">880-10</subfield>
    <subfield code="a">Ḥasan, ʻAbd al-Ḥamīd,</subfield>
    <subfield code="e">reviewer.</subfield>
  </datafield>
  <datafield tag="700" ind1="1" ind2=" ">
    <subfield code="6">880-11</subfield>
    <subfield code="a">ʻAllām, Mahdī,</subfield>
    <subfield code="e">reviewer.</subfield>
  </datafield>
  <datafield tag="852" ind1=" " ind2=" ">
    <subfield code="a">Jafet Library</subfield>
    <subfield code="e">American University of Beirut, Bliss Street , Beirut, Lebanon.</subfield>
  </datafield>
  <datafield tag="880" ind1="2" ind2=" ">
    <subfield code="6">110-01/(3/r</subfield>
    <subfield code="a">دار الكتب المصرية،</subfield>
    <subfield code="e">هيئة إصدار. </subfield>
    <subfield code="4">isb.</subfield>
  </datafield>
  <datafield tag="880" ind1="1" ind2="0">
    <subfield code="6">245-02/(3/r</subfield>
    <subfield code="a">أوراق البردى العربية بدار الكتب المصرية /</subfield>
    <subfield code="c">جمعها وعلق عليها ووضعها بالإنجليزية أدولف جروهمان Ph. D.، أستاذ اللغات السامية وتاريخ الثقافة الشرقية بجامعة براغ الشيكوسلوڤاكية ؛ إشترك مع المؤلف في نقل الكتاب إلى العربية الدكتور حسن إبراهيم حسن Ph. D., D. Lit. (Lond.), M.R.A.S., F.R.S.A., أستاذ التاريخ الإسلامي المساعد بكلية الآداب بالجامعة المصرية ؛ راجع الترجمة الأستاذ عبد الحميد حسن، المفتش بوزارة المعارف.</subfield>
  </datafield>
  <datafield tag="880" ind1="1" ind2=" ">
    <subfield code="6">246-03/(3/r</subfield>
    <subfield code="i">Title on volume 2:</subfield>
    <subfield code="a">عنوان السفر الثاني:</subfield>
  </datafield>
  <datafield tag="880" ind1=" " ind2=" ">
    <subfield code="6">250-04/(3/r</subfield>
    <subfield code="a">الطبعة الأولى.</subfield>
  </datafield>
  <datafield tag="880" ind1=" " ind2="1">
    <subfield code="6">264-05/(3/r</subfield>
    <subfield code="a">القاهرة :</subfield>
    <subfield code="b">مطبعة دار الكتب المصرية،</subfield>
    <subfield code="c">1934-1974.</subfield>
  </datafield>
  <datafield tag="880" ind1=" " ind2=" ">
    <subfield code="6">300-06/(3/r</subfield>
    <subfield code="a">6 أسفار :</subfield>
    <subfield code="b">مصورات، صور طبق الأصل ؛</subfield>
    <subfield code="c">34 سم</subfield>
  </datafield>
  <datafield tag="880" ind1="1" ind2=" ">
    <subfield code="6">700-07/(3/r</subfield>
    <subfield code="a">غروهمان، ادولف،</subfield>
    <subfield code="d">1887-1977،</subfield>
    <subfield code="e">معد. </subfield>
    <subfield code="4">com.</subfield>
  </datafield>
  <datafield tag="880" ind1="1" ind2=" ">
    <subfield code="6">700-08/(3/r</subfield>
    <subfield code="a">حسن، حسن ابراهيم،</subfield>
    <subfield code="e">مترجم. </subfield>
    <subfield code="4">trl.</subfield>
  </datafield>
  <datafield tag="880" ind1="1" ind2=" ">
    <subfield code="6">700-09/(3/r</subfield>
    <subfield code="a">حسن، عبد الحميد،</subfield>
    <subfield code="e">مترجم. </subfield>
    <subfield code="4">trl.</subfield>
  </datafield>
  <datafield tag="880" ind1="1" ind2=" ">
    <subfield code="6">700-10/(3/r</subfield>
    <subfield code="a">حسن، عبد الحميد،</subfield>
    <subfield code="e">مراجع. </subfield>
    <subfield code="4">rev.</subfield>
  </datafield>
  <datafield tag="880" ind1="1" ind2=" ">
    <subfield code="6">700-11/(3/r</subfield>
    <subfield code="a">علام، مهدي،</subfield>
    <subfield code="e">مراجع. </subfield>
    <subfield code="4">rev.</subfield>
  </datafield>
  <datafield tag="907" ind1=" " ind2=" ">
    <subfield code="a">.b1276257x</subfield>
    <subfield code="b">17-09-05</subfield>
    <subfield code="c">11-05-24</subfield>
  </datafield>
  <datafield tag="907" ind1=" " ind2=" ">
    <subfield code="a">.b1276257x</subfield>
    <subfield code="b">15-10-15</subfield>
    <subfield code="c">11-05-24</subfield>
  </datafield>
  <datafield tag="945" ind1=" " ind2=" ">
    <subfield code="f">F</subfield>
    <subfield code="a">492.717:K12aA:v.1:c.1</subfield>
    <subfield code="i">01064713</subfield>
    <subfield code="j">.i13337981</subfield>
    <subfield code="l">u0504</subfield>
  </datafield>
  <datafield tag="945" ind1=" " ind2=" ">
    <subfield code="f">F</subfield>
    <subfield code="a">492.717:K12aA:v.1:c.2</subfield>
    <subfield code="i">01064714</subfield>
    <subfield code="j">.i13337993</subfield>
    <subfield code="l">u0504</subfield>
  </datafield>
  <datafield tag="945" ind1=" " ind2=" ">
    <subfield code="f">F</subfield>
    <subfield code="a">492.717:K12aA:v.2:c.1</subfield>
    <subfield code="i">01064716</subfield>
    <subfield code="j">.i13338006</subfield>
    <subfield code="l">u0504</subfield>
  </datafield>
  <datafield tag="945" ind1=" " ind2=" ">
    <subfield code="f">F</subfield>
    <subfield code="a">492.717:K12aA:v.3:c.1</subfield>
    <subfield code="i">01064717</subfield>
    <subfield code="j">.i13338018</subfield>
    <subfield code="l">u0504</subfield>
  </datafield>
  <datafield tag="945" ind1=" " ind2=" ">
    <subfield code="f">F</subfield>
    <subfield code="a">492.717:K12aA:v.4:c.1</subfield>
    <subfield code="i">01064718</subfield>
    <subfield code="j">.i1333802x</subfield>
    <subfield code="l">u0504</subfield>
  </datafield>
  <datafield tag="945" ind1=" " ind2=" ">
    <subfield code="f">F</subfield>
    <subfield code="a">492.717:K12aA:v.5:c.1</subfield>
    <subfield code="i">01064719</subfield>
    <subfield code="j">.i13338031</subfield>
    <subfield code="l">u0504</subfield>
  </datafield>
  <datafield tag="945" ind1=" " ind2=" ">
    <subfield code="f">F</subfield>
    <subfield code="a">492.717:K12aA:v.6:c.1</subfield>
    <subfield code="i">01064720</subfield>
    <subfield code="j">.i13338043</subfield>
    <subfield code="l">u0504</subfield>
  </datafield>
  <datafield tag="998" ind1=" " ind2=" ">
    <subfield code="a">u05</subfield>
    <subfield code="b">97-11-10</subfield>
    <subfield code="c">m</subfield>
    <subfield code="d">a</subfield>
    <subfield code="e">-</subfield>
    <subfield code="f">ara</subfield>
    <subfield code="g">ua </subfield>
    <subfield code="h">0</subfield>
    <subfield code="i">7</subfield>
  </datafield>
</record>
</collection>
